<record><leader>00000cas a22000007a 4500</leader><controlfield tag="001">13281844</controlfield><controlfield tag="008">860311c19529999wiuwr ne      0    0eng d</controlfield><datafield ind1=" " ind2=" " tag="010"><subfield code="a">sn 86086363 </subfield></datafield><datafield ind1=" " ind2=" " tag="040"><subfield code="a">NPV</subfield><subfield code="b">eng</subfield><subfield code="c">NPV</subfield><subfield code="d">OCLCQ</subfield></datafield><datafield ind1=" " ind2=" " tag="032"><subfield code="a">633080</subfield><subfield code="b">USPS</subfield></datafield><datafield ind1=" " ind2=" " tag="042"><subfield code="a">msc</subfield></datafield><datafield ind1=" " ind2=" " tag="045"><subfield code="a">x5--</subfield></datafield><datafield ind1=" " ind2=" " tag="052"><subfield code="a">4123</subfield><subfield code="b">L5</subfield></datafield><datafield ind1="0" ind2=" " tag="130"><subfield code="a">Tomahawk leader (Tomahawk, Wis. : 1952)</subfield></datafield><datafield ind1="1" ind2="4" tag="245"><subfield code="a">The Tomahawk leader.</subfield></datafield><datafield ind1=" " ind2=" " tag="260"><subfield code="a">Tomahawk, Wis. :</subfield><subfield code="b">[Osborne Bros.],</subfield><subfield code="c">1952-</subfield></datafield><datafield ind1=" " ind2=" " tag="300"><subfield code="a">v. :</subfield><subfield code="b">ill.</subfield></datafield><datafield ind1=" " ind2=" " tag="310"><subfield code="a">Weekly</subfield></datafield><datafield ind1="0" ind2=" " tag="362"><subfield code="a">Vol. 61, no. 22 (Oct. 23, 1952)-</subfield></datafield><datafield ind1=" " ind2=" " tag="500"><subfield code="a">Publisher varies.</subfield></datafield><datafield ind1=" " ind2=" " tag="500"><subfield code="a">Editors: T. Lane, Oct. 23, 1952-Jan. 22, 1953; K. Keenan, Jan. 29-May 21, 1953; G. Foster, July 7, 1955-</subfield></datafield><datafield ind1=" " ind2=" " tag="530"><subfield code="a">Available on microfilm from The State Historical Society of Wisconsin.</subfield></datafield><datafield ind1=" " ind2=" " tag="752"><subfield code="a">United States</subfield><subfield code="b">Wisconsin</subfield><subfield code="c">Lincoln</subfield><subfield code="d">Tomahawk.</subfield></datafield><datafield ind1="0" ind2="0" tag="780"><subfield code="t">Tomahawk leader and the tomahawk</subfield><subfield code="w">(DLC)sn 86086362</subfield></datafield><datafield ind1="1" ind2=" " tag="029"><subfield code="a">AU@</subfield><subfield code="b">000025827481</subfield></datafield></record>